
Books on Linear Algebra
====================================================================================================

@BOOK{Wilkinson_1963,
    author      = {{Wilkinson}, J.~H.},
    title       = {Rounding Errors in Algebraic Processes},
    publisher   = {Prentice-Hall},
    year        = 1963,
}

@BOOK{Stewart_1973,
    author      = {{Stewart}, G.~W.},
    title       = {Introduction to Matrix Computations},
    publisher   = {Academic Press},
    year        = 1973,
}

@BOOK{Higham_1996,
    author      = {{Higham}, N.~J.},
    title       = {Accuracy and Stability of Numerical Algorithms},
    publisher   = {SIAM},
    year        = 1996,
}

@String{pub-SIAM                = "Society for Industrial and Applied
                                   Mathematics"}
@String{pub-SIAM:adr            = "Philadelphia, PA, USA"}
@book{higham2002accuracy,
  author = "Nicholas J. Higham",
  title = "Accuracy and Stability of Numerical Algorithms",
  publisher = pub-SIAM,
  address =   pub-SIAM:adr,
  edition = "Second",
  year = 2002,
  pages = "xxx+680",
  doi = "10.1137/1.9780898718027",
  isbn = "0-89871-521-0",
  bibdate = "Mon Aug 19 13:30:30 GMT 2002",
  created = "2002.08.19",
  updated = "2014.05.30"
        }


@BOOK{Demmel_1997,
    author      = {{Demmel}, J.~W.},
    title       = {Applied Numerical Linear Algebra},
    publisher   = {SIAM},
    year        = 1997,
}


Iterative Refinement
====================================================================================================

@article{carson2017new,
author = {Erin Carson and Nicholas J. Higham},
title = {A New Analysis of Iterative Refinement and Its Application to Accurate Solution of Ill-Conditioned Sparse Linear Systems},
journal = {SIAM J. Sci. Comput.},
volume = {39},
number = {6},
pages = {A2834-A2856},
year = {2017},
doi = {10.1137/17M1122918},

URL = { 
        https://doi.org/10.1137/17M1122918
    
},
eprint = { 
        https://doi.org/10.1137/17M1122918
    
}

}

@article{demmel2006error,
  title={Error bounds from extra-precise iterative refinement},
  author={Demmel, James and Hida, Yozo and Kahan, William and Li, Xiaoye S and Mukherjee, Sonil and Riedy, E Jason},
  journal={ACM Transactions on Mathematical Software (TOMS)},
  volume={32},
  number={2},
  pages={325--351},
  year={2006},
  publisher={ACM}
}

@ARTICLE{Moler_1967_jacm,
    author      = {{Moler}, C.~B.},
    title       = {Iterative Refinement in Floating Point},
    journal     = {J. ACM},
    year        = 1967,
    volume      = 14,
    number      = 2,
    pages       = {316-321},
}

@INPROCEEDINGS{Langou_2006_sc,
    author      = {{Langou}, J. and {Langou}, J. and {Luszczek}, P. and {Kurzak}, J. and
                   {Buttari}, A. and {Dongarra}, J.~J.},
    title       = {Exploiting the Performance of 32 bit Floating Point Arithmetic
                   in Obtaining 64 bit Accuracy},
    booktitle   = {Proceedings of the 2006 ACM/IEEE Conference on Supercomputing},
    year        = 2006,
}
@article{Buttari_2007_sc,
 author = {Buttari, Alfredo and Dongarra, Jack and Langou, Julie and Langou, Julien and Luszczek, Piotr and Kurzak, Jakub},
 title = {Mixed Precision Iterative Refinement Techniques for the Solution of Dense Linear Systems},
 journal = {Int. J. High Perform. Comput. Appl.},
 issue_date = {November  2007},
 volume = {21},
 number = {4},
 month = nov,
 year = {2007},
 issn = {1094-3420},
 pages = {457--466},
 numpages = {10},
 url = {http://dx.doi.org/10.1177/1094342007084026},
 doi = {10.1177/1094342007084026},
 acmid = {1297653},
 publisher = {Sage Publications, Inc.},
 address = {Thousand Oaks, CA, USA},
 keywords = {Cholesky factorization, LU, iterative, mixed-precision, refinement},
} 


@ARTICLE{Kurzak_2007_cell_linpack,
    author      = {{Kurzak}, J. and {Dongarra}, J.~J.},
    title       = {Implementation of Mixed Precision in Solving Systems of Linear Equations
                   on the {CELL} Processor},
    journal     = {Concurrency Computat. Pract. Exper.},
    note        = {to appear},
}

@ARTICLE{Kurzak_2007_cell_cholesky,
    author      = {{Kurzak}, J. and {Dongarra}, J.~J.},
    title       = {Mixed Precision Dense Linear System Solver Based on Cholesky Factorization
                   for the {CELL} Processor},
    journal     = {Concurrency Computat. Pract. Exper.},
    note        = {in preparation},
}

@String{j-BIT                   = "BIT"}
@article{Higham1991,
  author = "Nicholas J. Higham",
  title = "Iterative Refinement Enhances the Stability of {$QR$}
           Factorization Methods for Solving Linear Equations",
  journal = j-BIT,
  volume = 31,
  pages = "447-468",
  year = 1991,
  doi = "10.1007/BF01933262",
  bibdate = "Tue Mar 21 16:18:34 GMT 1995",
  created = "1995.03.21",
  updated = "2014.05.31"
        }

@String{j-IMAJNA                = "IMA J. Numer. Anal."}
@article{high97i,
  author = "Nicholas J. Higham",
  title = "Iterative Refinement for Linear Systems and {LAPACK}",
  journal = j-IMAJNA,
  volume = 17,
  number = 4,
  pages = "495-509",
  year = 1997,
  doi ="10.1093/imanum/17.4.495",
  bibdate = "Mon Nov 10 11:33:49 GMT 1997",
  created = "1997.11.10",
  updated = "1997.11.10"
        }

====================================================================================================


@ARTICLE{duff1983,
AUTHOR = "Iain S. Duff and John K. Reid",
TITLE = "The multifrontal solution of indefinite sparse symmetric linear
		               equations",
JOURNAL = ACMTOMS,
VOLUME = "9",
NUMBER = "3",
PAGES = "302-325",
MONTH = SEP,
YEAR = "1983"
}

@ARTICLE{ashcraft1987,
AUTHOR = "Cleve Ashcraft and R. Grimes and J. Lewis and Barry W. Peyton and Horst Simon",
TITLE = "Progress in sparse matrix methods in large sparse linear systems on vector supercomputers",
JOURNAL = "Intern.~J.~of Supercomputer Applications",
VOLUME = "1",
PAGES = "10-30",
YEAR = "1987"
}


@Article{amestoy2006,
author =       {Patrick R. Amestoy and A. Guermouche and J.-Y. L'Excellent and S. Pralet},
title =        {Hybrid scheduling for the parallel solution of linear systems},
journal =      {Parallel Comput.},
volume =       {32},
pages =        {136-156},
year =         {2006}
}

@Article{amestoy2001,
author =       {Patrick R. Amestoy and Iain S. Duff and J.-Y. L'Excellent and Jacko Koster},
title =        {A fully asynchronous multifrontal solver using distributed dynamic scheduling},
journal =      SIMAX,
volume =       {23},
pages =        {15-41},
year =         {2001}
}

@ARTICLE{amestoy2000,
AUTHOR = "Patrick R. Amestoy and Iain S. Duff and J.-Y. L'Excellent",
TITLE = "Multifrontal parallel distributed symmetric and unsymmetric solvers",
JOURNAL = "Comput. Methods Appl. Mech. Eng.",
VOLUME = "184",
PAGES = "501-520",
YEAR = "2000"
}

%DIST (parallel:MPI)
@ARTICLE{li2003,
AUTHOR = "Xiaoye S. Li and James W. Demmel",
TITLE = "{SuperLU\_DIST}: A scalable distributed-memory sparse direct solver for unsymmetric linear systems",
JOURNAL = ACMTOMS,
VOLUME = "29",
noNUMBER = "x",
PAGES = "110-140",
noMONTH = SEP,
YEAR = "2003"
}

% MT (multi-threaded)
@Article{demmel1999multithread,
author =       {James W. Demmel and John R. Gilbert and Xiaoye S. Li},
title =        {A asynchronous parallel supernodal algorithm for sparse Gaussian elimination},
journal =      SIMAX,
volume =       {20},
number =       {3},
pages =        {915-952},
year =         {1999}
}

% sequential
@Article{demmel1999seq,
author =       {James W. Demmel and Stanley C. Eisenstat and John R. Gilbert and Xiaoye S. Li and Joseph W. H. Liu},
title =        {A supernodal approach to sparse partial pivoting},
journal =      SIMAX,
volume =       {20},
number =       {3},
pages =        {720-755},
year =         {1999}
}

@PHDTHESIS{li1996,
AUTHOR = "Xiaoye S. Li",
TITLE = "Sparse Gaussian Elimination on High Performance Computers",
SCHOOL = "University of California at Berkeley",
TYPE = "{C}omputer {S}cience {D}epartment",
NOTE = "Ph.D. thesis (SuperLU software available at http://www.nersc.gov/~xiaoye/SuperLU/)",
YEAR = "1996"
}


@ARTICLE{davis2004,
AUTHOR = "Timothy A. Davis",
TITLE = "A column pre-ordering strategy for the unsymmetric-pattern multifrontal method",
JOURNAL = ACMTOMS,
VOLUME = "30",
PAGES = "196-199",
YEAR = "2004"
}

@Article{davis1997,
author =       {Timothy A. Davis Iain S. Duff},
title =        {An unsymmetric-pattern multifrontal method for sparse {LU} factorization},
journal =      SIMAX,
volume =       {18},
pages =        {140-158},
year =         {1997}
}

@ARTICLE{davis1999,
AUTHOR = "Timothy A. Davis",
TITLE = "A combined unifrontal/multifrontal method for unsymmetric sparse matrices",
JOURNAL = ACMTOMS,
VOLUME = "25",
PAGES = "1-19",
YEAR = "1999"
}

@book{templates,
    author = "Barrett, R. and Berry, M. and Chan, T. F. and Demmel, J. and Donato, J. M. and Dongarra, Jack and Eijkhout, V. and Pozo, R. and Romine, C. and der Vorst, H. V.",
    title = "Templates for the Solution of Linear Systems: Building Blocks for Iterative Methods.",
    publisher = "Philadalphia: Society for Industrial and Applied Mathematics.",
   note = "Also available as postscript file at http://www.netlib.org/templates/Templates.html",
    year = "1994"
}

@book{saad_book,
 author = {Y. Saad},
 title = {Iterative Methods for Sparse Linear Systems},
 year = {2003},
 isbn = {0898715342},
 publisher = {Society for Industrial and Applied Mathematics},
 address = {Philadelphia, PA, USA},
 }

@article{Turner92,
 author = {Kathryn Turner and Homer F. Walker},
 title = {Efficient high accuracy solutions with GMRES(m)},
 journal = {SIAM J. Sci. Stat. Comput.},
 volume = {13},
 number = {3},
 year = {1992},
 issn = {0196-5204},
 pages = {815--825},
 publisher = {Society for Industrial and Applied Mathematics},
 address = {Philadelphia, PA, USA},
 }

@article{ golub00inexact,
    author = "Gene H. Golub and Qiang Ye",
    title = "Inexact Preconditioned Conjugate Gradient Method with Inner-Outer Iteration",
    journal = "SIAM Journal on Scientific Computing",
    volume = "21",
    number = "4",
    pages = "1305--1320",
    year = "2000"
}

@techreport{ saad91flexible,
    author = "Y. Saad",
    title = "{A flexible inner-outer preconditioned {GMRES} algorithm}",
    number = "91-279",
    address = "University of Minnesota, Minneapolis, Minnesota",
    institution = {Department of CSE},
    year = "1991"
}


@article{flexible-inner-outer,
 author = {Valeria Simoncini and Daniel B. Szyld},
 title = {Flexible Inner-Outer {K}rylov Subspace Methods},
 journal = {SIAM J. Numer. Anal.},
 volume = {40},
 number = {6},
 year = {2002},
 issn = {0036-1429},
 pages = {2219--2239},
 doi = {http://dx.doi.org/10.1137/S0036142902401074},
 publisher = {Society for Industrial and Applied Mathematics},
 address = {Philadelphia, PA, USA},
 }

@article{cg-vassilevski,
 author = {O. Axelsson and P. S. Vassilevski},
 title = {A black box generalized conjugate gradient solver with inner iterations and variable-step preconditioning},
 journal = {SIAM J. Matrix Anal. Appl.},
 volume = {12},
 number = {4},
 year = {1991},
 issn = {0895-4798},
 pages = {625--644},
 doi = {http://dx.doi.org/10.1137/0612048},
 publisher = {Society for Industrial and Applied Mathematics},
 address = {Philadelphia, PA, USA},
 }

@article{ notay00flexible,
  author = "Y. Notay",
  title = "Flexible conjugate gradients",
  journal = "SIAM Journal on Scientic Computing",
  volume = "22",
  pages = "1444--1460",
  year = "2000",
  url = "citeseer.ist.psu.edu/article/notay00flexible.html" }

@article{vuik-variable-GMRES,
 author = {C. Vuik},
 title = {New insights in GMRES-like methods with variable preconditioners},
 journal = {J. Comput. Appl. Math.},
 volume = {61},
 number = {2},
 year = {1995},
 issn = {0377-0427},
 pages = {189--204},
 doi = {http://dx.doi.org/10.1016/0377-0427(94)00067-B},
 publisher = {Elsevier Science Publishers B. V.},
 address = {Amsterdam, The Netherlands, The Netherlands},
 }

@TECHREPORT{essg:03,
  AUTHOR = {J.~van~den~Eshof and G.~L.~G.~Sleijpen and M~.B.~van~Gijzen},
  TITLE = {Relaxation strategies for nested {K}rylov methods.},
  INSTITUTION = {CERFACS, Toulouse, France},
  YEAR = {2003},
  TYPE = {{T}echnical {R}eport},
  NUMBER = {TR/PA/03/27},
  KEYWORDS = {Iterative solution of linear systems, flexible Krylov methods, relaxation strategies, Schur complement, ocean circulation},
  PS = {http://www.cerfacs.fr/algor/reports/2003/TR_PA_03_27.ps.gz},
  PDF = {http://www.cerfacs.fr/algor/reports/2003/TR_PA_03_27.pdf}
}

@Article{vandervorst91gmresr,
  author = 	 {H. A. van der Vorst and C. Vuik},
  title = 	 {{GMRESR}: a family of nested {GMRES} methods},
  journal = 	 {Numerical Linear Algebra with Applications},
  year = 	 {1994},
  volume = 	 {1},
  number = 	 {4},
  pages = 	 {369-386}
}

@TechReport{sparse_iterref,
author = {Alfredo Buttari and Jack Dongarra and Jakub Kurzak and Piotr Luszczek and Stanmire Tomov},
title = {Computations to Enhance the Performance while Achieving the 64-bit Accuracy.},
institution = {University of Tennessee Knoxville},
year = {2006},
number = {UT-CS-06-584},
month = {November},
note = {LAPACK Working Note 180},
}

@article{saad1986gmres,
  title={GMRES: A generalized minimal residual algorithm for solving nonsymmetric linear systems},
  author={Saad, Youcef and Schultz, Martin H},
  journal={SIAM J. Sci. and Stat. Comput.},
  volume={7},
  number={3},
  pages={856--869},
  year={1986},
  publisher={SIAM}
}

@article{li2013gpu,
  title={{GPU}-accelerated preconditioned iterative linear solvers},
  author={Li, Ruipeng and Saad, Yousef},
  journal={The Journal of Supercomputing},
  volume={63},
  number={2},
  pages={443--466},
  year={2013},
  publisher={Springer}
}

@article{Skeel80,
author = {Skeel, Robert D.},
file = {:private/var/folders/rk/jz2vbym13pd7g8c7h9j{\_}5gy80000gn/T/WebKitPDFs-u5HsLM/2006197.pdf:pdf},
journal = {Mathematics of Computation},
keywords = {afosr-75-2854,air force office of,air force systems com-,and phrases,backward error analysis,gaussian elimination,is authorized to,iterative improvement,iterative refinement,mand,numerical stability,pivoting,research sponsored by the,roundoff analysis,scientific research,the united states government,under grant no,usaf},
mendeley-groups = {Iterative Refinement},
number = {151},
pages = {817--832},
title = {{Iterative Refinement Implies Numerical Stability for Gaussian Elimination}},
volume = {35},
year = {1980}
}
@inproceedings{Li1998,
author = {Li, Xiaoye S. and Demmel, James W},
booktitle = {Proceedings of the 1998 ACM/IEEE conference on Supercomputing},
file = {:Users/pwu/Downloads/a34-li.pdf:pdf},
mendeley-groups = {Iterative Refinement},
number = {c},
pages = {1--17},
title = {{Making Sparse Gaussian Elimination Scalable by Static Pivoting}},
year = {1998}
}
@article{Dongarra2001,
abstract = {{\textless}p{\textgreater}This paper describes a recursive method for the LU factorization of sparse matrices. The recursive formulation of common linear algebra codes has been proven very successful in dense matrix computations. An extension of the recursive technique for sparse matrices is presented. Performance results given here show that the recursive approach may perform comparable to leading software packages for sparse matrix factorization in terms of execution time, memory usage, and error estimates of the solution.{\textless}/p{\textgreater}},
author = {Dongarra, Jack and Eijkhout, Victor and {\L}uszczek, Piotr},
doi = {10.1155/2001/569670},
file = {:Users/pwu/Downloads/569670.pdf:pdf},
isbn = {1058-9244},
issn = {1058-9244},
journal = {Scientific Programming},
mendeley-groups = {Iterative Refinement},
number = {1},
pages = {51--60},
title = {{Recursive Approach in Sparse Matrix LU Factorization}},
url = {http://www.hindawi.com/journals/sp/2001/569670/abs/},
volume = {9},
year = {2001}
}
@article{Arioli1989,
author = {Arioli, M. and Demmel, J. W. and Duff, I. S.},
doi = {10.1137/0610013},
file = {:private/var/folders/rk/jz2vbym13pd7g8c7h9j{\_}5gy80000gn/T/WebKitPDFs-u5HsLM/0610013.pdf:pdf},
issn = {0895-4798},
journal = {SIAM J. Matrix Anal. Appl.},
keywords = {backward error,componentwise error,con-,error estimate,iterative refinement,sparse matrix},
mendeley-groups = {Iterative Refinement},
number = {2},
pages = {165--190},
title = {Solving Sparse Linear Systems with Sparse Backward Error},
volume = {10},
year = {1989}
}

@inproceedings{Haidar2017,
author = {Haidar, Azzam and Wu, Panruo and Tomov, Stanimire and Dongarra, Jack},
booktitle = {SC16 ScalA17: 8th Workshop on Latest Advances in 
             Scalable Algorithms for Large-Scale Systems},
isbn = {9781450351256},
title = {{Investigating Half Precision Arithmetic to Accelerate Dense Linear System Solvers}},
month = {11/2017},
publisher = {ACM},
organization = {ACM},
address = {Denver, CO},
year = {2017}
}

@inproceedings{Haidar2018,
 author = {Haidar, Azzam and Tomov, Stanimire and Dongarra, Jack and Higham, Nicholas J.},
 title = {{Harnessing GPU Tensor Cores for Fast FP16 Arithmetic to Speed Up Mixed-precision Iterative Refinement Solvers}},
 booktitle = {Proceedings of the International Conference for High Performance Computing, Networking, Storage, and Analysis},
 series = {SC '18},
 year = {2018},
 location = {Dallas, Texas},
 pages = {47:1--47:11},
 articleno = {47},
 numpages = {11},
 url = {http://dl.acm.org/citation.cfm?id=3291656.3291719},
 acmid = {3291719},
 publisher = {IEEE Press},
 address = {Piscataway, NJ, USA},
 keywords = {FP16 arithmetic, GPU computing, half precision, iterative refinement computation, linear algebra, mixed precision solvers},
} 

@inproceedings{hazw18,
  author = "Haidar, Azzam and Abdelfattah, Ahmad and Zounon, Mawussi and
            Wu, Panruo and Pranesh, Srikara and Tomov, Stanimire and
            Dongarra, Jack",
  title = "The Design of Fast and Energy-Efficient Linear Solvers: {On} the
           Potential of Half-Precision Arithmetic and Iterative
           Refinement Techniques",
  booktitle = "Computational Science -- ICCS 2018",
  year = 2018,
  doi = "10.1007/978-3-319-93698-7_45",
  editor = "Shi, Yong and Fu, Haohuan and Tian, Yingjie and
            Krzhizhanovskaya, Valeria V. and Lees, Michael Harold and
            Dongarra, Jack and Sloot, Peter M. A.",
  pages = "586-600",
  publisher = "Springer International Publishing, Cham",
  created = "2018.06.16",
  updated = "2018.06.16"
        }
