@article{ahtd15,
    author = {Ahmad Abdelfattah and Azzam Haidar and Stanimire Tomov and Jack Dongarra},
    journal = {Available as University of Tennessee Innovative Computing Laboratory Technical Report},
    title   = {{Performance, Design, and Autotuning of Batched GEMM for GPUs}},
    year    = {December, 2015}
}

@BOOKLET{amdapp,
    AUTHOR = {AMD},
    TITLE = "{AMD} {A}ccelerated {P}arallel {P}rocessing {OpenCL} {Programming} {G}uide (v2.4)",
    YEAR = "2012",
    NOTE = "Available at: \url{http://developer.amd.com}"
}

@article{quark,
  author = {Asim YarKhan and Jakub Kurzak and Jack Dongarra},
  title = {{QUARK Users' Guide: QUeueing And Runtime for Kernels}},
  institution = {Innovative Computing Laboratory, University of Tennessee},
  journal = {University of Tennessee Innovative Computing Laboratory Technical Report ICL-UT-11-02},
  year = {2011}
}

@article{du2012,
  author  = {Peng Du and Stanimire Tomov and Jack Dongarra},
  title   = {{Providing GPU Capability to LU and QR within the ScaLAPACK Framework}},
  institution = {Innovative Computing Laboratory, University of Tennessee},
  journal = {University of Tennessee Innovative Computing Laboratory 
             Technical Report UT-CS-12-699 (also LAPACK working Note 272)},
  month   = Sept,
  year    = {2011}
}

@article{magma_lobpcg,
  author  = {Hartwig Anzt and Stanimire Tomov and Jack Dongarra},
  title   = {{Accelerating the LOBPCG method on GPUs using a blocked Sparse Matrix Vector Product}},
  institution = {Innovative Computing Laboratory, University of Tennessee},
  journal = {University of Tennessee Innovative Computing Laboratory
             Technical Report UT-CS-14-731},
  month   = October,
  year    = {2014},
  NOTE    = {Available at: \url{http://www.eecs.utk.edu/resources/library/589}}
}




@MANUAL{openmp_30_manual,
organization    = {{OpenMP} Architecture Review Board},
title           = {{OpenMP} Application Program Interface, Version 3.0},
year            = {2008},
}

@MISC{intel_tbb,
key          = {tbb},
title        = {{Intel Threading Building Blocks}},
howpublished ={\url{http://www.threadingbuildingblocks.org/}}
}

@MANUAL{smpss_manual,
organization    = {Barcelona Supercomputing Center},
title           = {{SMP} Superscalar ({SMPSs}) User's Manual, Version 2.0},
year            = {2008},
}

@ARTICLE{Augonnet_2010_ccpe,
author        = {{Augonnet}, C. and {Thibault}, S. and {Namyst}, R. and {Wacrenier}, P.},
title         = {{StarPU}: A Unified Platform for Task Scheduling on Heterogeneous  
                 Multicore Architectures},
journal       = {Concurrency Computat. Pract. Exper.},
year          = {2010},
volume        = {},
number        = {},
pages         = {},
note          = {(to appear)}
}

@MANUAL{PLASMA,
  title       = {{PLASMA} Users' Guide, Parallel Linear Algebra Software for 
                 Multicore Architectures, Version 2.3},
  organization= {University of Tennessee Knoxville},
  month       = {November},
  year        = 2010
}

@misc{parsec,
  key         = {parsec},
  Howpublished= {\url{http://icl.cs.utk.edu/parsec/}},
        Title = {Software distribution of {PaRSEC} version 1.0},
        Month = {November 11},
        Year  = {2012},
}

%%%%%%%%%%%%%%%%%%%%%%%%%%%%%%%%%%%%%%%%%%%%%%%%%%%%%%%%%%%%%%%%%%%%%%%%%%%%%%%%%%%%%%%%%%%%%%%%%


@INBOOK{tomov2010,
  author      = {Stanimire Tomov and Jack Dongarra},
  editor      = {Jakub Kurzak and David A. Bader and Jack Dongarra},
  title       = {Scientific Computing with Multicore and Accelerators},
  chapter     = {Dense Linear Algebra for Hybrid GPU-based Systems},
  publisher   = {Chapman and Hall/CRC},
  year        = {2010}
}

@inproceedings{BDKLLT06,
    author    = {Alfredo Buttari and Jack Dongarra and Jakub Kurzak and 
                 Julien Langou and Piotr Luszczek and Stanimire Tomov},
    title     = {The Impact of Multicore on Math Software},
    booktitle = {Applied Parallel Computing. State of the Art in Scientific
                         Computing, 8th International Workshop, {PARA}},
    year      = {2006},
    pages     = {1-10},
    series    = {Lecture Notes in Computer Science},
    volume    = {4699},
    publisher = {Springer},
    isbn      = {978-3-540-75754-2},
    editor    = {Bo K{\aa}gstr{\"o}m and Erik Elmroth and Jack Dongarra and Jerzy Wasniewski},
    ee        = {http://dx.doi.org/10.1007/978-3-540-75755-9_1},
    bibsource = {DBLP, http://dblp.uni-trier.de}
}

@ARTICLE{Agullo_2009_jpcs,
author      = {{Agullo}, E. and {Demmel}, J. and {Dongarra}, J. and {Hadri}, B. and {Kurzak}, J.
                            and {Langou}, J. and {Ltaief}, H. and {Luszczek}, P. and {Tomov}, S.},
title       = {Numerical Linear Algebra on Emerging Architectures: {The} {PLASMA} and {MAGMA} projects},
journal     = {J. Phys.: Conf. Ser.},
year        = {2009},
volume      = {180},
number      = {1},
pages       = {},
}

@article{Tomov_2010_pcsa,
title = "Towards dense linear algebra for hybrid GPU accelerated manycore systems",
journal = "Parallel Computing",
volume = "36",
number = "5",
pages = "232 - 240",
year = "2010",
note = "Parallel Matrix Algorithms and Applications",
issn = "0167-8191",
doi = "https://doi.org/10.1016/j.parco.2009.12.005",
url = "http://www.sciencedirect.com/science/article/pii/S0167819109001276",
author = "Stanimire Tomov and Jack Dongarra and Marc Baboulin",
keywords = "Hybrid computing, Dense linear algebra, Parallel algorithms, Multicore processors, Graphics processing units"
}


@inproceedings{Tomov_2010_ipdps,
        Address = {Atlanta, GA},
        Author = {{Tomov}, S. and {Nath}, R. and {Ltaief}, H. and {Dongarra}, J.},
        Booktitle = {Proc. of the IEEE IPDPS'10},
        Month = {April 19-23},
        Pages = {1-8},
        Title = {Dense Linear Algebra Solvers for Multicore with {GPU} Accelerators},
        Year = {2010}}

@inproceedings{Tomov_2009_iccs,
        Address = {Baton Roube, LA},
        Author = {{Li}, Y. and {Dongarra}, J. and {Tomov}, S.},
        Booktitle = {Proceedings of the 2009 International Conference on Computational Science, ICCS'09},
        Month = {May 25-27},
        Publisher = {Springer},
        Title = {A Note on Auto-tuning {GEMM} for {GPUs}},
        Year = {2009}}

@inproceedings{Tomov_2010_vecpar,
        Address = {Berkeley, CA},
        Author = {{Nath}, R. and {Tomov}, S. and {Dongarra}, J.},
        Booktitle = {Proceedings of VECPAR'10},
        Month = {June 22-25},
        Publisher = {Springer},
        Title = {Accelerating {GPU} Kernels for Dense Linear Algebra},
        Year = {2010}}

@article{cudaopenclcompare,
    author = {Du, Peng and Weber, Rick and Luszczek, Piotr and Tomov, Stanimire and Peterson,
              Gregory and Dongarra, Jack},
    title = {From {CUDA} to {OpenCL}: Towards a performance-portable solution for multi-platform 
             {GPU} programming},
    journal = {Parallel Comput.},
    issue_date = {August, 2012},
    volume = {38},
    number = {8},
    month = aug,
    year = {2012},
    issn = {0167-8191},
    pages = {391--407},
    numpages = {17},
    url = {http://dx.doi.org/10.1016/j.parco.2011.10.002},
    doi = {10.1016/j.parco.2011.10.002},
    acmid = {2318445},
    publisher = {Elsevier Science Publishers B. V.},
    address = {Amsterdam, The Netherlands, The Netherlands},
    keywords = {Auto-tuning, Hardware accelerators, Portability},
}

@article{Tomov_tridiag,
 author = {Tomov, Stanimire and Nath, Rajib and Dongarra, Jack},
 title = {Accelerating the reduction to upper {Hessenberg}, tridiagonal, and bidiagonal
          forms through hybrid {GPU}-based computing},
 journal = {Parallel Comput.},
 issue_date = {December, 2010},
 volume = {36},
 number = {12},
 month = dec,
 year = {2010},
 issn = {0167-8191},
 pages = {645--654},
 numpages = {10},
 doi = {10.1016/j.parco.2010.06.001},
 acmid = {1869228},
 publisher = {Elsevier Science Publishers B. V.},
 address = {Amsterdam, The Netherlands, The Netherlands},
}

@article{Yamazaki,
 author = {Dong, Tingxing and Dongarra, Jack and Schulthess, Thomas and Solca, Raffaele and
           Tomov, Stanimire and Yamazaki, Ichitaro},
 title = {Matrix-vector multiplication and tridiagonalization of a dense symmetric matrix on
          multiple {GPU}s and its application to symmetric eigenvalue problems},
 journal = {Parallel Comput.},
 note = {(submitted)},
 month= jul,
 year = {2012}
}

@article{Yamazaki201237,
title = "One-sided Dense Matrix Factorizations on a Multicore with Multiple \{GPU\} Accelerators",
journal = "Procedia Computer Science",
volume = "9",
number = "0",
pages = "37 - 46",
year = "2012",
note = "Proceedings of the International Conference on Computational Science, \{ICCS\} 2012",
issn = "1877-0509",
doi = "http://dx.doi.org/10.1016/j.procs.2012.04.005",
url = "http://www.sciencedirect.com/science/article/pii/S1877050912001263",
author = "Ichitaro Yamazaki and Stanimire Tomov and Jack Dongarra",
keywords = "Dense linear algebra",
keywords = "one-sided factorization",
keywords = "\{GPU\} accelerators",
}

@article{Vomel_eigensolver,
author = {Christof Vomel and Stanimire Tomov and Jack Dongarra},
collaboration = {},
title = {Divide and Conquer on Hybrid {GPU}-Accelerated Multicore Systems},
publisher = {SIAM},
year = {2012},
journal = {SIAM Journal on Scientific Computing},
volume = {34},
number = {2},
pages = {C70-C82},
}

@inproceedings{icl:632,
  author = {Nath, R. and Tomov, S. and Dong, T. and Dongarra, J.},
  title = {Optimizing Symmetric Dense Matrix-Vector Multiplication on {GPU}s},
  booktitle = {Proceedings of SC'11},
  institution = {Innovative Computing Laboratory, University of Tennessee},
  journal = {ACM/IEEE Conference on Supercomputing (SC'11)},
  month = {nov},
  year = {2011}
}

@article{Haidar2013,
        Author = {A. Haidar and S. Tomov and J. Dongarra and R. Solca and T. Schulthess},
        Journal = {International Journal of High Performance Computing Applications},
        Month = {September},
        Note = {(accepted)},
        Title = {A novel hybrid {CPU}-{GPU} generalized eigensolver for electronic structure calculations
                 based on fine grained memory aware tasks},
        Year = {2012}}

@misc{clmagma,
  key={clmagma},
        Howpublished = {\url{http://icl.cs.utk.edu/magma/software/}},
        Title = {Software distribution of {clMAGMA} version 1.0},
        Month = {October 24},
        Year  = {2012},
}

@misc{magma1.6.1,
  key={magma},
  Howpublished = {\url{http://icl.cs.utk.edu/magma/software/}},
  Title = {Software distribution of {MAGMA} version 1.6.1},
  Month = {January 30},
  note  = {Quick reference \url{http://icl.cs.utk.edu/projectsfiles/magma/pubs/SC14-MAGMA.pdf}},
  Year  = {2015},
}

@misc{magma-forum,
  key={clmagma},
        Howpublished = {\url{http://icl.cs.utk.edu/magma/forum/}},
        Title = {MAGMA User Discussion Forum},
        Month = {February 2},
        Year  = {2015},
}



@misc{magmamic,
  key={magmamic},
  Howpublished = {\url{http://icl.cs.utk.edu/magma/software/}},
  Title = {Software distribution of {MAGMA MIC} version 0.3},
  Month = {November 13},
  Year  = {2012},
}

@inproceedings{clmagma2013,
  author      = {Cao, C. and Dongarra, J. and Du, P. and Gates, M. and Luszczek, P. and Tomov, S.},
  title       = {clMAGMA: High Performance Dense Linear Algebra with OpenCL},
  booktitle   = {The ACM International Conference Series},
  institution = {Innovative Computing Laboratory, University of Tennessee},
  journal     = {International workshop on {OpenCL}},
  Note        = {(submitted)}, 
  month       = {may 13-14},
  address     = {Atlanta, GA},
  year        = {2013}
}

@inproceedings{Haidar2012trdmgpu,
  author      = {Azzam Haidar and  Mark Gates and Stanimire Tomov and Jack Dongarra},
  title       = {Toward a scalable multi-GPU eigensolver via compute-intensive kernels and 
                 efficient communication},
  booktitle   = {ICS'13: 27th International Conference on Supercomputing (submitted)},
  month       = {June 10-14},
  address     = {Eugene, Oregon, USA},
  year        = {2013},
}

@inproceedings{Haidar2013mgpu,
  author      = {A. Haidar and R. Solca and M. Gates and S. Tomov and T. Schulthess and J. Dongarra},
  title       = {Leading edge hybrid multi-{GPU} algorithms for generalized eigenproblems 
                 in electronic structure calculations},
  booktitle   = {{ICS'13}: {I}nternational {S}upercomputing {C}onference (submitted)},
  month       = {June},
  address     = {Hamburg, Germany},
  year        = {2013}
}

@inproceedings{Haidar:2014,
 author = {Haidar, Azzam and Cao, Chongxiao and Yarkhan, Asim and Luszczek, Piotr and Tomov, Stanimire and Kabir, Khairul and Dongarra, Jack},
 title = {Unified Development for Mixed Multi-GPU and Multi-coprocessor Environments Using a Lightweight Runtime Environment},
 booktitle = {Proceedings of the 2014 IEEE 28th International Parallel and Distributed Processing Symposium},
 series = {IPDPS '14},
 year = {2014},
 isbn = {978-1-4799-3800-1},
 pages = {491--500},
 numpages = {10},
 url = {http://dx.doi.org/10.1109/IPDPS.2014.58},
 doi = {10.1109/IPDPS.2014.58},
 acmid = {2650549},
 publisher = {IEEE Computer Society},
 address = {Washington, DC, USA},
 keywords = {runtime scheduling, dense linear algebra, hardware accelerators},
}

@conference {hycltd15,
    title     = {Flexible Linear Algebra Development and Scheduling with Cholesky Factorization},
    author    = {Azzam Haidar and Asim YarKhan and Chongxiao Cao and Piotr Luszczek and Stanimire Tomov and Jack Dongarra},
    booktitle = {17th IEEE International Conference on High Performance Computing and Communications},
    year      = {2015},
    month     = {08-2015},
    address   = {Newark, NJ}
}

@conference {hdtld15,
    title     = {Framework for Batched and GPU-resident Factorization Algorithms to Block Householder Transformations},
    author    = {Azzam Haidar and Tingxing Dong and Stanimire Tomov and Piotr Luszczek and Jack Dongarra},
    booktitle = {ISC High Performance},
    year      = {2015},
    month     = {07-2015},
    publisher = {Springer},
    organization= {Springer},
    address   = {Frankfurt, Germany}
}

@article {PModels16,
    title = {Parallel Programming Models for Dense Linear Algebra on Heterogeneous Systems},
    journal = {Supercomputing Frontiers and Innovations},
    volume = {2},
    number = {4},
    year = {2015},
    month = {10-2015},
    doi = {10.14529/jsfi1504},
    author = {Maksims Abalenkovs and Ahmad Abdelfattah and Jack Dongarra and 
              Mark Gates and Azzam Haidar and Jakub Kurzak and Piotr Luszczek 
              and Stanimire Tomov and Ichitaro Yamazaki and Asim YarKhan}
}

@inproceedings{Haidar:2015:WDS:2832080.2832085,
 author = {Haidar, Azzam and Jia, Yulu and Luszczek, Piotr and Tomov, Stanimire and YarKhan, Asim and Dongarra, Jack},
 title = {Weighted Dynamic Scheduling with Many Parallelism Grains for Offloading of Numerical Workloads to Multiple Varied Accelerators},
 booktitle = {Proceedings of the 6th Workshop on Latest Advances in Scalable Algorithms for Large-Scale Systems},
 series = {ScalA '15},
 year = {2015},
 isbn = {978-1-4503-4011-3},
 location = {Austin, Texas},
 pages = {5:1--5:8},
 articleno = {5},
 numpages = {8},
 url = {http://doi.acm.org/10.1145/2832080.2832085},
 doi = {10.1145/2832080.2832085},
 acmid = {2832085},
 publisher = {ACM},
 address = {New York, NY, USA},
 keywords = {dataflow scheduling, hardware accelerators, multi-grain parallelism},
} 


@conference {htld15,
    title     = {MAGMA Embedded: Towards a Dense Linear Algebra Library for Energy Efficient Extreme Computing},
    author    = {Azzam Haidar and Stanimire Tomov and Piotr Luszczek and Jack Dongarra},
    booktitle = {2015 IEEE High Performance Extreme Computing Conference (HPEC 15), (Best Paper Award)},
    year      = {2015},
    month     = {09-2015},
    publisher = {IEEE},
    organization= {IEEE},
    address   = {Waltham, MA}
}

@article{dghklty14,
    title     = {Accelerating Numerical Dense Linear Algebra Calculations with GPUs},
    author    = {Jack Dongarra and Mark Gates and Azzam Haidar and Jakub Kurzak and 
                 Piotr Luszczek and Stanimire Tomov and Ichitaro Yamazaki},
    journal   = {Numerical Computations with GPUs},
    pages     = {1-26},
    year      = {2014},
    publisher = {Springer}
}

@conference {hcydglt14,
    title     = {{Performance and Portability with OpenCL for Throughput-Oriented HPC Workloads 
                  Across Accelerators, Coprocessors, and Multicore Processors}},
    author    = {Azzam Haidar and Chongxiao Cao and Ichitaro Yamazaki and 
                 Jack Dongarra and Mark Gates and Piotr Luszczek and Stanimire Tomov},
    booktitle = {5th Workshop on Latest Advances in Scalable Algorithms for Large-Scale Systems (ScalA 14)},
    year      = {2014},
    month     = {11-2014},
    publisher = {IEEE},
    address   = {New Orleans, LA},
    doi       = {10.1109/ScalA.2014.8}
}

@article {hdkgltj15,
    title     = {HPC Programming on Intel Many-Integrated-Core Hardware with MAGMA Port to Xeon Phi},
    author    = {Azzam Haidar and Jack Dongarra and Khairul Kabir and Mark Gates and 
                 Piotr Luszczek and Stanimire Tomov and Yulu Jia},
    journal   = {Scientific Programming},
    volume    = {23},
    year      = {2015},
    month     = {01-2015},
    issn      = {1058-9244},
    doi       = {10.3233/SPR-140404}
}

@article{Nath2010,
  author      = {Nath, Rajib and Tomov, Stanimire and Dongarra, Jack},
  title       = {An Improved Magma Gemm For Fermi Graphics Processing Units},
  journal     = {Int. J. High Perform. Comput. Appl.},
  issue_date  = {November  2010},
  volume      = {24},
  number      = {4},
  month       = nov,
  year        = {2010},
  issn        = {1094-3420},
  pages       = {511--515},
  numpages    = {5},
  url         = {http://dx.doi.org/10.1177/1094342010385729},
  doi         = {10.1177/1094342010385729},
  acmid       = {1889710},
  publisher   = {Sage Publications, Inc.},
  address     = {Thousand Oaks, CA, USA},
  keywords    = {CUDA matrix mutiply, Fermi, GPU BLAS, dense linear algebra, hybrid computing},
}

@inproceedings{horton,
  author      = {M. Horton and S. Tomov and J. Dongarra},
  title       = {A Class of Hybrid {LAPACK} Algorithms for Multicore and {GPU} Architectures},
  booktitle   = {Proceedings of Symposium for Application Accelerators in 
                 High Performance Computing (SAAHPC)},
  year = {2011}
}

@inproceedings{song,
  author    = {Fengguang Song and
               Stanimire Tomov and
               Jack Dongarra},
  title     = {Enabling and scaling matrix computations on heterogeneous
               multi-core and multi-GPU systems},
  booktitle = {ICS},
  year      = {2012},
  pages     = {365-376},
  ee        = {http://doi.acm.org/10.1145/2304576.2304625},
  crossref  = {DBLP:conf/ics/2012},
  bibsource = {DBLP, http://dblp.uni-trier.de}
}

@INPROCEEDINGS{kiran2012,
author      = {Kasichayanula, K. and Terpstra, D. and Luszczek, P. and Tomov, S. and 
               Moore, S. and Peterson, G.},
title       = {Power Aware Computing on GPUs},
booktitle   = {SAAHPC '12 (Best Paper Award)},
institution = {Innovative Computing Laboratory, University of Tennessee},
address     = {Argonne, IL},
month       = {July},
year        = {2012}
}

@article{ugc08,
     author = {Jack Dongarra and Shirley Moore and Gregory Peterson and Stanimire Tomov and 
               Jeff Allred and Vincent Natoli and David Richie},
    journal = {Proceedings of HPCMP Users Group Conference 2008},
    title   = {Exploring new architectures in accelerating {C}{F}{D} for
                 {A}ir {F}orce Applications},
    note    = {(available as UT Technical Report UT-CS-08-633)},
    year    = {July 14-17, 2008}
}

@article{baboulin2008some,
  title     = {Some issues in dense linear algebra for multicore and special purpose architectures},
  author    = {Baboulin, M. and Dongarra, J. and Tomov, S.},
  booktitle = {Proceedings of the 9th International Workshop on State-of-the-Art in 
               Scientific and Parallel Computing (PARA'08)}, 
  journal   = {Lecture Notes in Computer Science, vol. 6126-6127, Springer-Verlag (2008)},
  year      = 2008,
}
 
@article{baboulin2012class,
  title     = {A class of communication-avoiding algorithms for solving general 
               dense linear systems on {CPU/GPU} parallel machines},
  author    = {Baboulin, M. and Donfack, S. and Dongarra, J. and Grigori, L.    
               and R{\'e}my, A. and Tomov, S.},
  journal   = {Procedia Computer Science},
  volume    = {9},
  pages     = {17--26},
  year      = {2012},
  publisher = {Elsevier},
}

@incollection{gpu-gems,
    title = {{Faster, Cheaper, Better -- a Hybridization Methodology  
               to Develop Linear Algebra Software for GPUs}},
    author = {Agullo, Emmanuel and Augonnet, C{\'e}dric and Dongarra, Jack 
              and Ltaief, Hatem and Namyst, Raymond and Thibault, Samuel and 
              Tomov, Stanimire},
    booktitle = {{GPU Computing Gems}},
    publisher = {Morgan Kaufmann},
    volume = {2},
    editor = {Wen-mei W. Hwu },
    year = {2010},
    month = Sep,
}

@inproceedings{agullo2011lu,
  title     = {LU factorization for accelerator-based systems},
  author    = {Agullo, E. and Augonnet, C. and Dongarra, J. and Faverge, M. and 
               Langou, J. and Ltaief, H. and Tomov, S.},
  booktitle = {{9th ACS/IEEE International Conference on Computer Systems and Applications (AICCSA 11)}},
  note      = {(best paper award)},
  pages     = {217--224},
  year      = {2011},
  address   = {Sharm El-Sheikh, {\'E}gypte},
  year      = {2011},
  month     = Jun,
}

@inproceedings{Du2011,
  author    = {Du, Peng and Luszczek, Piotr and Tomov, Stan and Dongarra, Jack},
  title     = {Soft error resilient QR factorization for hybrid system with GPGPU},
  booktitle = {Proceedings of the second workshop on Scalable algorithms for large-scale systems},
  series    = {ScalA '11},
  year      = {2011},
  isbn      = {978-1-4503-1180-9},
  location  = {Seattle, Washington, USA},
  pages     = {11--14},
  numpages  = {4},
  url       = {http://doi.acm.org/10.1145/2133173.2133179},
  doi       = {10.1145/2133173.2133179},
  acmid     = {2133179},
  publisher = {ACM},
  address   = {New York, NY, USA},
  keywords  = {GPGPU, QR factorization, soft error},
} 

@article{BaboulinBDKLLLT09,
  author    = {Marc Baboulin and
               Alfredo Buttari and
               Jack Dongarra and
               Jakub Kurzak and
               Julie Langou and
               Julien Langou and
               Piotr Luszczek and
               Stanimire Tomov},
  title     = {Accelerating scientific computations with mixed precision
               algorithms},
  journal   = {Computer Physics Communications},
  volume    = {180},
  number    = {12},
  year      = {2009},
  pages     = {2526-2533},
  ee        = {http://dx.doi.org/10.1016/j.cpc.2008.11.005},
  bibsource = {DBLP, http://dblp.uni-trier.de}
}

@techreport{lawn245,
author={Jakub Kurzak and Stanimire Tomov and Jack Dongarra},
title={Autotuning {GEMMs} for {Fermi}},
institution={Electrical Engineering and Computer Science Department},
number={UT-CS-11-671},
month={April 18},
year=2011,
note={Also available as LAPACK Working Note 245},
}


@article{Kurzak2012gemmfermi,
author={Jakub Kurzak and Stanimire Tomov and Jack Dongarra},
title={Autotuning {GEMM} Kernels for the {Fermi} {GPU}},
journal={IEEE Transactions on Parallel and Distributed Systems},
volume=23,
number=11,
pages={2045-2057},
month={November},
year=2012,
}

@article{adnt2011,
  author    = {Emmanuel Agullo and Jack Dongarra and Rajib Nath and Stanimire Tomov},
  title     = {Fully Empirical Autotuned QR Factorization For Multicore
               Architectures},
  journal   = {CoRR},
  volume    = {abs/1102.5328},
  year      = {2011},
  ee        = {http://arxiv.org/abs/1102.5328},
  bibsource = {DBLP, http://dblp.uni-trier.de}
}

@InProceedings{ashes2014,
 Title                    = {{Optimizing Krylov Subspace Solvers on Graphics Processing Units}},
 Author                   = {Anzt, H. and Sawyer, W. and Tomov, S. and Luszczek, P. and Yamazaki, I. and Dongarra, J.},
 Booktitle                = {28th IEEE International Parallel and Distributed Processing Symposium Workshops (IPDPSW 2014)},
 Year                     = {2014},
 Owner                    = {anzt},
 Timestamp                = {2014.04.30}
}

@InProceedings{e2sc2014,
 Title                    = {{Energy Efficiency and Performance Frontiers for Sparse Computations on GPU Supercomputers}},
 Author                   = {Anzt, H. and Tomov, S. and Dongarra, J.},
 Booktitle                = {6th International Workshop on Programming Models and Applications for Multicores and Manycores (PMAM 2015)},
 Year                     = {accepted, December 2014},
 Owner                    = {anzt},
 Timestamp                = {2014.04.30}
}

@InProceedings{hcw2014,
 Title                    = {{Hybrid Multi-Elimination ILU Preconditioners on GPUs}},
 Author                   = {Lukarski, D. and Anzt, H. and Tomov, S. and Dongarra, J.},
 Booktitle                = {28th IEEE International Parallel and Distributed Processing Symposium Workshops (IPDPSW 2014)},
 Year                     = {2014},
 Owner                    = {anzt},
 Timestamp                = {2014.04.30}
}

@InProceedings{ipdps2014,
 Title                    = {{Improving the Performance of CA-GMRES on Multicores with Multiple GPUs}},
 Author                   = {Yamazaki, I. and Anzt, H. and Tomov, S. and Hoemmen, M. and Dongarra, J.},
 Booktitle                = {28th IEEE International Parallel and Distributed Processing Symposium (IPDPS 2014)},
 Year                     = {2014},
 Owner                    = {anzt},
 Timestamp                = {2014.04.30}
}

@InProceedings{vecpar2014,
 Title                    = {{Self-Adaptive Multiprecision Preconditioners on Multicore and Manycore Architectures}},
 Author                   = {Anzt, H. and Lukarski, D. and Tomov, S. and Dongarra, J.},
 Booktitle                = {11th International Meeting on High Performance Computing for Computational Science, VECPAR 2014},
 Year                     = {2014},
 Owner                    = {anzt},
 Timestamp                = {2014.04.30}
}
