@article{Lucas:2014:Top-ten-exascale,
	title={Top Ten Exascale Research Challenges},
	author={Lucas, Robert and Ang, J and Bergman, K and Borkar, S and Carlson, W and Carrington, L and Chiu, G and Colwell, R and Dally, W and Dongarra, J and others},
	journal={DOE ASCAC Subcommittee Report},
	year={2014}
}


@book{oran2005numerical,
	title={Numerical Simulation of Reactive Flow},
	author={Oran, E.S. and Boris, J.P.},
	isbn={9780521022361},
	lccn={99059887},
	url={https://books.google.com/books?id=6KzA7QBvoNwC},
	year={2005},
	publisher={Cambridge University Press}
}

@Inproceedings{xgc,
	title = {Integrated Particle Simulation of Neoclassical and Turbulence Physics in the Tokamak Pedestal/edge Region Using {XGC}},
	booktitle = {Fusion Energy 2006: Proceedings of the 21st IAEA Fusion Energy Conference},
	year = {2006},
	author = {C-S Chang and S-H Ku and M. F. Adams and D{\textquoteright}azevedo,E.F. and Chen,Y. and J. C. Cummings and Ethier, S. and Greengard, L. and T. S. Hahm and F. L. Hinton and D. E. Keyes and S. A. Klasky and W. W. Lee and Z. Lin and Y. Nishimura and S. E. Parker and Samtaney, R. and D. P. Stotler and H. Weitzner and P.H. Worley and Zorin,D. and {CPES Team}}
}

@article{s3d,
	title = {Terascale direct numerical simulations of turbulent combustion using {S3D}},
	author = {J. H. Chen and A. Choudhary and B. de Supinski and M. DeVries and E. R. Hawkes and S. Klasky and W. K. Liao and K. L. Ma and J. Mellor-Crummey and N. Podhorszki and R. Sankaran and S. Shende and C. S. Yoo},
	year = {2009},
	journal = {Comput. Sci. Disc.},
	volume = {2}
}

@Book{Golub:12,
	author =       "G. Golub and C. van Loan",
	title =        "Matrix Computations",
	publisher =    "The Johns Hopkins University Press",
	address =      "Baltimore, {MD}",
	edition =      "4rd",
	year =         "2012"
}

@BOOK{Saad:03,
	title = {Iterative methods for sparse linear systems},
	year = {2003},
	author = {Y. Saad},
	address = {Philadelphia, PA},
	edition = {3},
	publisher = {The Society for Industrial and Applied Mathematics}
}

@BOOK{Saad:11,
	title = {Numerical methods for large eigenvalue problems},
	year = {2011},
	author = {Y. Saad},
	address = {Philadelphia, PA},
	edition = {2},
	publisher = {the Society for Industrial and Applied Mathematics}
}

@article{Halko:11,
	author = {N. Halko and P. Martinsson and J. Tropp},
	title = {Finding structure with randomness: probablistic algorithms for constructing approximate matrix decompositions},
	journal = {SIAM Review},
	volume = {53},
	pages = {217--288},
	year = {2011}
}

@Article{Stath:02,
	author = {A. Stathopoulos and K. Wu},
	title = {A block orthogonalization procedure with constant synchronization requirements},
	journal = {SIAM J.~Sci.~Comput.},
	volume ={23},
	pages ={2165--2182},
	year = 2002
}

@Inproceedings{Yamazaki:Vecpar14,
	author = {I. Yamazaki and S. Tomov and T. Dong and J. Dongarra},
	title = {Mixed-precision orthogonalization scheme and adaptive step size for {CA-GMRES} on {GPUs}},
	booktitle = {the proceedings of the 11th international meeting on high-performance
		computing for computational science {(VECPAR)}}, 
	year = {2014}
}

@article{Yamazaki:Sisc14,
	author = {I. Yamazaki and S. Tomov and J. Dongarra},
	title = {Mixed-precision {Cholesky QR} factorization and its case studies on multicore {CPU} with multiple {GPUs}},
	journal = {submitted to SIAM J.~Sci.~Comput.},
	year = {2014}
}

@article{Demmel:Sisc12,
	author = "J. Demmel and L. Grigori and M. Hoemmen and J. Langou",
	title = "Communication-optimal parallel and sequential {QR} and {LU} factorizations",
	journal = {{SIAM} J. Sci. Comput.},
	volume = "34",
	number = "1",
	year = "2012",
	pages = "A206-A239"
}

@inproceedings{Rubio:2013,
	author = {Rubio-Gonz\'{a}lez, Cindy and Nguyen, Cuong and Nguyen, Hong Diep and Demmel, James and Kahan, William and Sen, Koushik and Bailey, David H. and Iancu, Costin and Hough, David},
	title = {Precimonious: Tuning Assistant for Floating-point Precision},
	booktitle = {Proceedings of the International Conference on High Performance Computing, Networking, Storage and Analysis},
	year = {2013},
	pages = {27:1--27:12},
} 


@article{Puschel2005spiral,
	author={Markus P\"uschel and Jos\'e M. F. Moura and Jeremy Johnson and David Padua and Manuela Veloso and Bryan Singer and Jianxin Xiong and Franz Franchetti and Aca Gacic and Yevgen Voronenko and Kang Chen and Robert W. Johnson and Nick Rizzolo},
	title = {{SPIRAL}: Code Generation for {DSP} Transforms},
	journal = {Proceedings of the IEEE special issue on "Program Generation, Optimization, and Adaptation},
	volume=93,
	number=2,
	pages={232-275},
	year=2005,
}


@inproceedings{ATLAS2,
	author = "Jack J. Dongarra and Clint R. Whaley",
	title = "Automatically Tuned Linear Algebra Software (\mbox{ATLAS})",
	booktitle = "Proceedings of SC'98 Conference",
	publisher = "IEEE",
	year = "1998" }

	@article{ATLAS1,
		author = "R. Clint Whaley and Antoine Petitet and Jack J. Dongarra",
		title = "Automated empirical optimizations of software and the {ATLAS} project",
		journal = "Parallel Computing",
		volume = "27",
		number = "1-2",
		pages = "3-35",
		year = "2001" }

		@techreport {icl:102,
			author = "Dongarra, J. and Eijkhout, V.",
			title = "Self-adapting Numerical Software for Next Generation Applications",
			institution = "Innovative Computing Laboratory, University of Tennessee",
			journal = "ICL Technical Report (LAPACK Working Note 157)",
			year = "2002"
		}

@article{icl:127,
	author = "Dongarra, J. and Eijkhout, V.",
	title = "Self-Adapting Numerical Software and Automatic Tuning of Heuristics",
	institution = "Innovative Computing Laboratory, University of Tennessee",
	journal = "Lecture Notes in Computer Science",
	volume = "2660",
	pages = "759-770",
	month = "jun",
	year = "2003"
}


@INPROCEEDINGS{Bilmes1997optimizingmatmul,
	author    = {J. Bilmes and K. Asanovi\'c and C.W. Chin and J. Demmel},
	title     = "{Optimizing Matrix Multiply using PHiPAC: a Portable, High-Performance, ANSI C Coding Methodology}",
	booktitle = {Proceedings of the ACM SIGARC International Conference on SuperComputing},
	address   = "Vienna, Austria",
	pages     = "340--347",
	month     = {July},
	year      = 1997,
}


@INPROCEEDINGS{OSKI,
	AUTHOR = {Vuduc, R. and Demmel, J. and Yelick, K.},
	TITLE = {{OSKI}: {A} library of automatically tuned sparse matrix kernels},
	BOOKTITLE = {Proc. of {SciDAC} 2005, J. of Physics: Conference Series},
	PUBLISHER = {Institute of Physics Publishing},
	MONTH = {June},
	YEAR = {2005} 
}


@InProceedings{FFTW,
	author = 	 {Matteo Frigo and Stephen Johnson},
	title = 	 {{FFTW}: An Adaptive Software Architecture for the {FFT}},
	booktitle = 	 {Proceedings of the International Conference on Acoustics,
		Speech, and Signal Processing, Seattle, Washington},
	year = 	 {1998},
	month = 	 MAY
}

@MISC{Spiral,
	KEY = {Spiral},
	TITLE = {Spiral: {S}oftware/{H}ardware {G}eneration for {DSP} Algorithms},
	HOWPUBLISHED = {www.spiral.net},
	YEAR = {2008}
}

@TECHREPORT{PHIPAC-1,
	AUTHOR = {Bilmes, J. and Asanovi\'{c}, K. and Chin, C.-W. and Demmel, J.},
	TITLE = {The {PHiPAC} v1.0 {M}atrix-{M}ultiply {D}istribution},
	INSTITUTION = {Department of Computer Science, UC Berkeley},
	YEAR        = {1998},
	TYPE        = {Technical Report},
	NUMBER      = {UCB CSD-98-1020} }
	@Misc{PHIPAC-2,
		OPTkey = 	 {},
		author = 	 {J. Bilmes and K. Asanovi\'c and J. Demmel and D. Lam
			and C.W. Chin},
		title = 	 {The {PHiPAC} {WWW} Home Page},
		OPThowpublished = {},
		OPTyear = 	 {},
		OPTmonth = 	 {},
		note = 	 {\url{http://www.icsi.berkeley.edu/~bilmes/phipac}},
		OPTannote = 	 {}
	}
@InProceedings{PHIPAC-0,
	author = 	 {J. Bilmes and  K. Asanovi\'c and C.W. Chin and J. Demmel},
	title = 	 {Optimizing Matrix Multiply using {PHiPAC}:
		a Portable, High-Performance, {ANSI} {C} Coding Methodology},
	booktitle = 	 {Proceedings of the International Conference on Supercomputing},
	year = 	 {1997},
	publisher =    {ACM SIGARC},
	address = 	 {Vienna, Austria},
	month = 	 {July},
	note =         {see \url{http://www.icsi.berkeley.edu/~bilmes/phipac}}
}

@article{Willems,
	author = {Willems, Paul R. and Lang, Bruno and Vo\"mel, Christof},
	title = {Computing the Bidiagonal SVD Using Multiple Relatively Robust Representations},
	journal = {SIAM J. Matrix Anal. Appl.},
	volume = {28},
	number = {4},
	year = {2006},
	issn = {0895-4798},
	pages = {907--926},
	doi = {http://dx.doi.org/10.1137/050628301},
	publisher = {Society for Industrial and Applied Mathematics},
	address = {Philadelphia, PA, USA},
}
@InProceedings{fftw98,
	author =       {Matteo Frigo and Stephen Johnson},
	title =        {{FFTW}: An Adaptive Software Architecture for the {FFT}},
	booktitle =    {Proceedings of the International Conference on Acoustics, 
		Speech, and Signal Processing, Seattle, Washington},
	year =         1998,
	month =        {May},
}

@InProceedings{fftw99,
	author =       {Matteo Frigo},
	title =        {{A Fast Fourier Transform Compiler}},
	booktitle =    {Proceedings of the ACM SIGPLAN Conference on 
		Programming Language Design and Implementation, Atlanta, Georgia},
	year =         1999,
	month =        {May},
}

@INPROCEEDINGS{MJJ+00,
	AUTHOR         = "J. Moura and J. Johnson and R. Johnson and D. Padua
		and M. Puschel and M. Veloso",
	TITLE          = {{SPIRAL: Automatic Implementation of Signal Processing
		Algorithms}},
	BOOKTITLE      = {Proceedings of the Conference on High-Performance 
		Embedded Computing},
	ADDRESS        = "MIT Lincoln Laboratories, Boston, MA",
	YEAR           = 2000,
}
@Misc{ansel:smart:2011,
	author = "Ansel, J.",
	title = "{Autotuning Aspects of PetaBricks}",
	howpublished = "Workshop on Statistical and Machine Learning Approaches to Architecture and Compilation (SMART)",
	keywords = "PetaBricks",
	type = "Talk",
	month = "April",
	year = "2011",
}
@misc{CSCADSworkshops,
	note = {\url{http://cscads.rice.edu/workshops/}}
}



@article{Argonneqmc,
	author = {Benali, Anouar and Shulenburger, Luke and Romero, Nichols A. and Kim, Jeongnim and von Lilienfeld, O. Anatole},
	title = {Application of Diffusion Monte Carlo to Materials Dominated by van der Waals Interactions},
	journal = {Journal of Chemical Theory and Computation},
	volume = {10},
	number = {8},
	pages = {3417-3422},
	year = {2014},
	doi = {10.1021/ct5003225},
	URL = { http://dx.doi.org/10.1021/ct5003225},
	eprint = { http://dx.doi.org/10.1021/ct5003225}
}
@ARTICLE{qmc1,
	author={Esler, K.P. and Jeongnim Kim and Ceperley, D.M. and Shulenburger, L.},
	journal={Computing in Science Engineering},
	title={Accelerating Quantum Monte Carlo Simulations of Real Materials on GPU Clusters},
	year={2012},
	month={Jan},
	volume={14},
	number={1},
	pages={40-51},
	keywords={Monte Carlo methods;graphics processing units;multiprocessing systems;parallel processing;quantum computing;GPU cluster;QMC algorithm;continuum quantum Monte Carlo simulation;many core paradigm;Computational modeling;Graphics processing unit;Mathematical model;Monte Carlo methods;Quantum methods;Wave functions;Component;Monte Carlo;graphics processors;physics;scientific computing},
	doi={10.1109/MCSE.2010.122},
	ISSN={1521-9615},
}
@article{qmc2,
	author={Jeongnim Kim and Kenneth P Esler and Jeremy McMinis and Miguel A Morales and Bryan K Clark and Luke Shulenburger and David M
		Ceperley},
	title={Hybrid algorithms in quantum Monte Carlo},
	journal={Journal of Physics: Conference Series},
	volume={402},
	number={1},
	pages={012008},
	url={http://stacks.iop.org/1742-6596/402/i=1/a=012008},
	year={2012},
}

@Booklet{nsf-soft10,
	title = 	 {{NSF-ACCI} Task Force on Software for Science and
		Engineering},
	author = 	 {David Keyes and Valerie Taylor},
	month = 	 {December},
	year = 	{ 2010}
}

@article{Khodayari:2014:kinetic,
	author={Khodayari A., A.R. Zomorrodi, J.C. Liao and C.D. Maranas},
	title={A kinetic model of Escherichia coli core metabolism satisfying multiple sets of mutant flux data},
	journal={Metabolic engineering},
	volume={25C},
	pages={50-62},
	year=2014
}

@article{guidJCP,
	title = "Algebraic stabilization of explicit numerical integration for extremely stiff reaction networks ",
	journal = "Journal of Computational Physics ",
	volume = "231",
	number = "16",
	pages = "5266 - 5288",
	year = "2012",
	note = "",
	issn = "0021-9991",
	doi = "http://dx.doi.org/10.1016/j.jcp.2012.04.026",
	url = "http://www.sciencedirect.com/science/article/pii/S0021999112002070",
	author = "Mike Guidry"
}

@article{guidAsy,
	author={M W Guidry and R Budiardja and E Feger and J J Billings and W R Hix and O E B Messer and K J Roche and E McMahon and M He},
	title={Explicit integration of extremely stiff reaction networks: asymptotic methods},
	journal={Computational Science \& Discovery},
	volume={6},
	number={1},
	pages={015001},
	url={http://stacks.iop.org/1749-4699/6/i=1/a=015001},
	year={2013}
}
@article{guidQSS,
	author={M W Guidry and J A Harris},
	title={Explicit integration of extremely stiff reaction networks: quasi-steady-state methods},
	journal={Computational Science \& Discovery},
	volume={6},
	number={1},
	pages={015002},
	url={http://stacks.iop.org/1749-4699/6/i=1/a=015002},
	year={2013}
}
@article{guidPE,
	author={M W Guidry and J J Billings and W R Hix},
	title={Explicit integration of extremely stiff reaction networks: partial equilibrium methods},
	journal={Computational Science \& Discovery},
	volume={6},
	number={1},
	pages={015003},
	url={http://stacks.iop.org/1749-4699/6/i=1/a=015003},
	year={2013}
}
@article{broc15,
	title = {Explicit integration with GPU acceleration for large kinetic networks},
	journal = "Journal of Computational Physics ",
	volume = "302",
	number = "",
	pages = "591 - 602",
	year = "2015",
	note = "",
	issn = "0021-9991",
	doi = "http://dx.doi.org/10.1016/j.jcp.2015.09.013",
	url = "http://www.sciencedirect.com/science/article/pii/S0021999115006063",
	author = "Benjamin Brock and Andrew Belt and Jay Jay Billings and Mike Guidry",
}

@article{raphcode,
	title = "Computational methods for nucleosynthesis and nuclear energy generation ",
	journal = "Journal of Computational and Applied Mathematics ",
	volume = "109",
	number = "1–2",
	pages = "321 - 351",
	year = "1999",
	note = "",
	issn = "0377-0427",
	doi = "http://dx.doi.org/10.1016/S0377-0427(99)00163-6",
	url = "http://www.sciencedirect.com/science/article/pii/S0377042799001636",
	author = "W.Raphael Hix and Friedrich-Karl Thielemann",
	keywords = "Nuclear astrophysics",
	keywords = "Nucleosynthesis "
}

@misc{harrisPrivate,
	author = " J. A. Harris",
	title = "private communication"
}
@misc{oran,
	author = "Oran E S and Boris J P",
	title = " Numerical Simulation of Reactive Flow",
	publisher = " Cambridge University Press",
	year = "2005"
}

@misc{mott,
	author = "Mott D R",
	title = "New Quasi-Steady-State and Partial-Equilibrium Methods for Integrating Chemically Reacting Systems",
	publisher = " PhD thesis University of Michigan at Ann Arbor",
	year = "1999"
}


@article{Hix2006188,
	title = "Thermonuclear kinetics in astrophysics ",
	journal = "Nuclear Physics A ",
	volume = "777",
	number = "",
	pages = "188 - 207",
	year = "2006",
	note = "Special Isseu on Nuclear Astrophysics ",
	issn = "0375-9474",
	doi = "http://dx.doi.org/10.1016/j.nuclphysa.2004.10.009",
	url = "http://www.sciencedirect.com/science/article/pii/S0375947404011005",
	author = "W. Raphael Hix and Bradley S. Meyer",
	keywords = "Nucleosynthesis",
	keywords = "Numerical methods "
}
@ARTICLE{Strazdins_2001_lookahead,
	author      = {Peter E. Strazdins},
	title       = {A Comparison of Lookahead and Algorithmic Blocking Techniques for Parallel Matrix Factorization},
	journal     = {Int. J. Parallel Distrib. Systems Networks},
	year        = 2001,
	volume      = 4,
	number      = 1,
	pages       = {26-35},
}
@INPROCEEDINGS{Strazdins_1998_lookahead,
	author      = {Peter E. Strazdins},
	title       = {Lookahead and Algorithmic Blocking Techniques Compared for Parallel Matrix Factorization},
	booktitle   = {10th International Conference on Parallel and Distributed Computing and Systems, IASTED},
	address     = {Las Vegas, USA},
	year        = 1998,
}

@conference {hstream:2016,
	title = {Heterogeneous Streaming},
	booktitle = {The Sixth International Workshop on Accelerators and Hybrid Exascale Systems (AsHES), IPDPS 2016},
	year = {2016},
	month = {05-2016},
	publisher = {IEEE},
	organization = {IEEE},
	address = {Chicago, IL},
	author = {Chris J. Newburn and Gaurav Bansal and Michael Wood and Luis Crivelli and Judit Planas and Alejandro Duran and Paulo Souza and Leonardo Borges and Piotr Luszczek and Stanimire Tomov and Jack Dongarra and Hartwig Anzt and Mark Gates and Azzam Haidar and Yulu Jia and Khairul Kabir and Ichitaro Yamazaki and Jesus Labarta}
}


@article{carson2017accelerating,
  author = "Erin Carson and Nicholas J. Higham",
  title = "Accelerating the Solution of Linear Systems by Iterative
           Refinement in Three Precisions",
  journal = "SIAM J. Sci. Comput.",
  volume = 40,
  number = 2,
  pages = "A817-A847",
  year = 2018,
  doi = "10.1137/17M1140819",
  created = "2017.07.22",
  updated = "2018.03.16"
        }

@INPROCEEDINGS{papi2016,
author="Jagode, Heike
and YarKhan, Asim
and Danalis, Anthony
and Dongarra, Jack",
editor="Kn{\"u}pfer, Andreas
and Hilbrich, Tobias
and Niethammer, Christoph
and Gracia, Jos{\'e}
and Nagel, Wolfgang E.
and Resch, Michael M.",
title="Power Management and Event Verification in PAPI",
booktitle="Tools for High Performance Computing 2015",
year="2016",
publisher="Springer International Publishing",
address="Cham",
pages="41--51",
isbn="978-3-319-39589-0"
}
@misc{nvml,
	Key = {{NVML}},
	Note = {\url{https://developer.nvidia.com/nvidia-management-library-nvml}},
	Title = {{NVIDIA Management Library (NVML), NVIDIA, 2018}}
}


